@ARTICLE{Bundy+2015,
   author = {{Bundy}, K. and {Bershady}, M.~A. and {Law}, D.~R. and {Yan}, R. and 
	{Drory}, N. and {MacDonald}, N. and {Wake}, D.~A. and {Cherinka}, B. and 
	{S{\'a}nchez-Gallego}, J.~R. and {Weijmans}, A.-M. and {Thomas}, D. and 
	{Tremonti}, C. and {Masters}, K. and {Coccato}, L. and {Diamond-Stanic}, A.~M. and 
	{Arag{\'o}n-Salamanca}, A. and {Avila-Reese}, V. and {Badenes}, C. and 
	{Falc{\'o}n-Barroso}, J. and {Belfiore}, F. and {Bizyaev}, D. and 
	{Blanc}, G.~A. and {Bland-Hawthorn}, J. and {Blanton}, M.~R. and 
	{Brownstein}, J.~R. and {Byler}, N. and {Cappellari}, M. and 
	{Conroy}, C. and {Dutton}, A.~A. and {Emsellem}, E. and {Etherington}, J. and 
	{Frinchaboy}, P.~M. and {Fu}, H. and {Gunn}, J.~E. and {Harding}, P. and 
	{Johnston}, E.~J. and {Kauffmann}, G. and {Kinemuchi}, K. and 
	{Klaene}, M.~A. and {Knapen}, J.~H. and {Leauthaud}, A. and 
	{Li}, C. and {Lin}, L. and {Maiolino}, R. and {Malanushenko}, V. and 
	{Malanushenko}, E. and {Mao}, S. and {Maraston}, C. and {McDermid}, R.~M. and 
	{Merrifield}, M.~R. and {Nichol}, R.~C. and {Oravetz}, D. and 
	{Pan}, K. and {Parejko}, J.~K. and {Sanchez}, S.~F. and {Schlegel}, D. and 
	{Simmons}, A. and {Steele}, O. and {Steinmetz}, M. and {Thanjavur}, K. and 
	{Thompson}, B.~A. and {Tinker}, J.~L. and {van den Bosch}, R.~C.~E. and 
	{Westfall}, K.~B. and {Wilkinson}, D. and {Wright}, S. and {Xiao}, T. and 
	{Zhang}, K.},
    title = "{Overview of the SDSS-IV MaNGA Survey: Mapping nearby Galaxies at Apache Point Observatory}",
  journal = {\apj},
archivePrefix = "arXiv",
   eprint = {1412.1482},
 keywords = {galaxies: evolution, galaxies: general, surveys, techniques: imaging spectroscopy},
     year = 2015,
    month = jan,
   volume = 798,
      eid = {7},
    pages = {7},
      doi = {10.1088/0004-637X/798/1/7},
   adsurl = {http://adsabs.harvard.edu/abs/2015ApJ...798....7B},
  adsnote = {Provided by the SAO/NASA Astrophysics Data System}
}

@ARTICLE{Walcher+2011,
   author = {{Walcher}, J. and {Groves}, B. and {Budav{\'a}ri}, T. and {Dale}, D.
	},
    title = "{Fitting the integrated spectral energy distributions of galaxies}",
  journal = {\apss},
archivePrefix = "arXiv",
   eprint = {1008.0395},
 keywords = {Methods: data analysis, Radiation mechanisms: general, Techniques: photometric, Techniques: spectroscopic, Galaxies: ISM, Galaxies: stellar content},
     year = 2011,
    month = jan,
   volume = 331,
    pages = {1-52},
      doi = {10.1007/s10509-010-0458-z},
   adsurl = {http://adsabs.harvard.edu/abs/2011Ap%26SS.331....1W},
  adsnote = {Provided by the SAO/NASA Astrophysics Data System}
}

@ARTICLE{Conroy+2009,
   author = {{Conroy}, C. and {Gunn}, J.~E. and {White}, M.},
    title = "{The Propagation of Uncertainties in Stellar Population Synthesis Modeling. I. The Relevance of Uncertain Aspects of Stellar Evolution and the Initial Mass Function to the Derived Physical Properties of Galaxies}",
  journal = {\apj},
archivePrefix = "arXiv",
   eprint = {0809.4261},
 keywords = {galaxies: evolution, galaxies: stellar content, stars: evolution},
     year = 2009,
    month = jul,
   volume = 699,
    pages = {486-506},
      doi = {10.1088/0004-637X/699/1/486},
   adsurl = {http://adsabs.harvard.edu/abs/2009ApJ...699..486C},
  adsnote = {Provided by the SAO/NASA Astrophysics Data System}
}

@ARTICLE{Conroy+2013,
   author = {{Conroy}, C.},
    title = "{Modeling the Panchromatic Spectral Energy Distributions of Galaxies}",
  journal = {\araa},
archivePrefix = "arXiv",
   eprint = {1301.7095},
     year = 2013,
    month = aug,
   volume = 51,
    pages = {393-455},
      doi = {10.1146/annurev-astro-082812-141017},
   adsurl = {http://adsabs.harvard.edu/abs/2013ARA%26A..51..393C},
  adsnote = {Provided by the SAO/NASA Astrophysics Data System}
}

@ARTICLE{Johnson+2013,
   author = {{Johnson}, B.~D. and {Weisz}, D.~R. and {Dalcanton}, J.~J. and 
	{Johnson}, L.~C. and {Dale}, D.~A. and {Dolphin}, A.~E. and 
	{Gil de Paz}, A. and {Kennicutt}, Jr., R.~C. and {Lee}, J.~C. and 
	{Skillman}, E.~D. and {Boquien}, M. and {Williams}, B.~F.},
    title = "{Measuring Galaxy Star Formation Rates from Integrated Photometry: Insights from Color-Magnitude Diagrams of Resolved Stars}",
  journal = {\apj},
archivePrefix = "arXiv",
   eprint = {1305.7243},
 primaryClass = "astro-ph.CO",
 keywords = {galaxies: dwarf, galaxies: fundamental parameters, galaxies: photometry, galaxies: star formation, galaxies: stellar content },
     year = 2013,
    month = jul,
   volume = 772,
      eid = {8},
    pages = {8},
      doi = {10.1088/0004-637X/772/1/8},
   adsurl = {http://adsabs.harvard.edu/abs/2013ApJ...772....8J},
  adsnote = {Provided by the SAO/NASA Astrophysics Data System}
}

@ARTICLE{Lee+2009,
   author = {{Lee}, H.-c. and {Worthey}, G. and {Dotter}, A. and {Chaboyer}, B. and 
	{Jevremovi{\'c}}, D. and {Baron}, E. and {Briley}, M.~M. and 
	{Ferguson}, J.~W. and {Coelho}, P. and {Trager}, S.~C.},
    title = "{Stellar Population Models and Individual Element Abundances. II. Stellar Spectra and Integrated Light Models}",
  journal = {\apj},
archivePrefix = "arXiv",
   eprint = {0812.1563},
 keywords = {stars: abundances, stars: evolution},
     year = 2009,
    month = apr,
   volume = 694,
    pages = {902-923},
      doi = {10.1088/0004-637X/694/2/902},
   adsurl = {http://adsabs.harvard.edu/abs/2009ApJ...694..902L},
  adsnote = {Provided by the SAO/NASA Astrophysics Data System}
}

@ARTICLE{Pforr+2012,
   author = {{Pforr}, J. and {Maraston}, C. and {Tonini}, C.},
    title = "{Recovering galaxy stellar population properties from broad-band spectral energy distribution fitting}",
  journal = {\mnras},
archivePrefix = "arXiv",
   eprint = {1203.3548},
 primaryClass = "astro-ph.CO",
 keywords = {galaxies: evolution, galaxies: formation, galaxies: fundamental parameters, galaxies: general},
     year = 2012,
    month = jun,
   volume = 422,
    pages = {3285-3326},
      doi = {10.1111/j.1365-2966.2012.20848.x},
   adsurl = {http://adsabs.harvard.edu/abs/2012MNRAS.422.3285P},
  adsnote = {Provided by the SAO/NASA Astrophysics Data System}
}

@ARTICLE{Maraston+2010,
   author = {{Maraston}, C. and {Pforr}, J. and {Renzini}, A. and {Daddi}, E. and 
	{Dickinson}, M. and {Cimatti}, A. and {Tonini}, C.},
    title = "{Star formation rates and masses of z \~{} 2 galaxies from multicolour photometry}",
  journal = {\mnras},
archivePrefix = "arXiv",
   eprint = {1004.4546},
 keywords = {galaxies: evolution, galaxies: high-redshift, galaxies: star formation},
     year = 2010,
    month = sep,
   volume = 407,
    pages = {830-845},
      doi = {10.1111/j.1365-2966.2010.16973.x},
   adsurl = {http://adsabs.harvard.edu/abs/2010MNRAS.407..830M},
  adsnote = {Provided by the SAO/NASA Astrophysics Data System}
}

@ARTICLE{Santini+2015,
   author = {{Santini}, P. and {Ferguson}, H.~C. and {Fontana}, A. and {Mobasher}, B. and 
	{Barro}, G. and {Castellano}, M. and {Finkelstein}, S.~L. and 
	{Grazian}, A. and {Hsu}, L.~T. and {Lee}, B. and {Lee}, S.-K. and 
	{Pforr}, J. and {Salvato}, M. and {Wiklind}, T. and {Wuyts}, S. and 
	{Almaini}, O. and {Cooper}, M.~C. and {Galametz}, A. and {Weiner}, B. and 
	{Amorin}, R. and {Boutsia}, K. and {Conselice}, C.~J. and {Dahlen}, T. and 
	{Dickinson}, M.~E. and {Giavalisco}, M. and {Grogin}, N.~A. and 
	{Guo}, Y. and {Hathi}, N.~P. and {Kocevski}, D. and {Koekemoer}, A.~M. and 
	{Kurczynski}, P. and {Merlin}, E. and {Mortlock}, A. and {Newman}, J.~A. and 
	{Paris}, D. and {Pentericci}, L. and {Simons}, R. and {Willner}, S.~P.
	},
    title = "{Stellar Masses from the CANDELS Survey: The GOODS-South and UDS Fields}",
  journal = {\apj},
archivePrefix = "arXiv",
   eprint = {1412.5180},
 keywords = {catalogs, galaxies: fundamental parameters, galaxies: high-redshift, galaxies: stellar content, surveys },
     year = 2015,
    month = mar,
   volume = 801,
      eid = {97},
    pages = {97},
      doi = {10.1088/0004-637X/801/2/97},
   adsurl = {http://adsabs.harvard.edu/abs/2015ApJ...801...97S},
  adsnote = {Provided by the SAO/NASA Astrophysics Data System}
}

@ARTICLE{Tolstoy+2009,
   author = {{Tolstoy}, E. and {Hill}, V. and {Tosi}, M.},
    title = "{Star-Formation Histories, Abundances, and Kinematics of Dwarf Galaxies in the Local Group}",
  journal = {\araa},
archivePrefix = "arXiv",
   eprint = {0904.4505},
 primaryClass = "astro-ph.CO",
     year = 2009,
    month = sep,
   volume = 47,
    pages = {371-425},
      doi = {10.1146/annurev-astro-082708-101650},
   adsurl = {http://adsabs.harvard.edu/abs/2009ARA%26A..47..371T},
  adsnote = {Provided by the SAO/NASA Astrophysics Data System}
}

@ARTICLE{Weisz+2011,
   author = {{Weisz}, D.~R. and {Dalcanton}, J.~J. and {Williams}, B.~F. and 
	{Gilbert}, K.~M. and {Skillman}, E.~D. and {Seth}, A.~C. and 
	{Dolphin}, A.~E. and {McQuinn}, K.~B.~W. and {Gogarten}, S.~M. and 
	{Holtzman}, J. and {Rosema}, K. and {Cole}, A. and {Karachentsev}, I.~D. and 
	{Zaritsky}, D.},
    title = "{The ACS Nearby Galaxy Survey Treasury. VIII. The Global Star Formation Histories of 60 Dwarf Galaxies in the Local Volume}",
  journal = {\apj},
archivePrefix = "arXiv",
   eprint = {1101.1093},
 keywords = {galaxies: dwarf, galaxies: evolution, galaxies: star formation, galaxies: stellar content, Hertzsprung-Russell and C-M diagrams},
     year = 2011,
    month = sep,
   volume = 739,
      eid = {5},
    pages = {5},
      doi = {10.1088/0004-637X/739/1/5},
   adsurl = {http://adsabs.harvard.edu/abs/2011ApJ...739....5W},
  adsnote = {Provided by the SAO/NASA Astrophysics Data System}
}

@ARTICLE{Dalcanton+2009,
   author = {{Dalcanton}, J.~J. and {Williams}, B.~F. and {Seth}, A.~C. and 
	{Dolphin}, A. and {Holtzman}, J. and {Rosema}, K. and {Skillman}, E.~D. and 
	{Cole}, A. and {Girardi}, L. and {Gogarten}, S.~M. and {Karachentsev}, I.~D. and 
	{Olsen}, K. and {Weisz}, D. and {Christensen}, C. and {Freeman}, K. and 
	{Gilbert}, K. and {Gallart}, C. and {Harris}, J. and {Hodge}, P. and 
	{de Jong}, R.~S. and {Karachentseva}, V. and {Mateo}, M. and 
	{Stetson}, P.~B. and {Tavarez}, M. and {Zaritsky}, D. and {Governato}, F. and 
	{Quinn}, T.},
    title = "{The ACS Nearby Galaxy Survey Treasury}",
  journal = {\apjs},
archivePrefix = "arXiv",
   eprint = {0905.3737},
 primaryClass = "astro-ph.GA",
 keywords = {catalogs, galaxies: formation, galaxies: stellar content, surveys},
     year = 2009,
    month = jul,
   volume = 183,
    pages = {67-108},
      doi = {10.1088/0067-0049/183/1/67},
   adsurl = {http://adsabs.harvard.edu/abs/2009ApJS..183...67D},
  adsnote = {Provided by the SAO/NASA Astrophysics Data System}
}

@ARTICLE{Dalcanton+2012,
   author = {{Dalcanton}, J.~J. and {Williams}, B.~F. and {Melbourne}, J.~L. and 
	{Girardi}, L. and {Dolphin}, A. and {Rosenfield}, P.~A. and 
	{Boyer}, M.~L. and {de Jong}, R.~S. and {Gilbert}, K. and {Marigo}, P. and 
	{Olsen}, K. and {Seth}, A.~C. and {Skillman}, E.},
    title = "{Resolved Near-infrared Stellar Populations in Nearby Galaxies}",
  journal = {\apjs},
archivePrefix = "arXiv",
   eprint = {1109.6893},
 primaryClass = "astro-ph.CO",
 keywords = {galaxies: abundances, galaxies: distances and redshifts, galaxies: dwarf, galaxies: irregular, galaxies: stellar content, infrared: stars, stars: AGB and post-AGB, stars: carbon},
     year = 2012,
    month = jan,
   volume = 198,
      eid = {6},
    pages = {6},
      doi = {10.1088/0067-0049/198/1/6},
   adsurl = {http://adsabs.harvard.edu/abs/2012ApJS..198....6D},
  adsnote = {Provided by the SAO/NASA Astrophysics Data System}
}

@ARTICLE{McQuinn+2010,
   author = {{McQuinn}, K.~B.~W. and {Skillman}, E.~D. and {Cannon}, J.~M. and 
	{Dalcanton}, J. and {Dolphin}, A. and {Hidalgo-Rodr{\'{\i}}guez}, S. and 
	{Holtzman}, J. and {Stark}, D. and {Weisz}, D. and {Williams}, B.
	},
    title = "{The Nature of Starbursts. I. The Star Formation Histories of Eighteen Nearby Starburst Dwarf Galaxies}",
  journal = {\apj},
archivePrefix = "arXiv",
   eprint = {1008.1589},
 primaryClass = "astro-ph.CO",
 keywords = {galaxies: dwarf, galaxies: evolution, galaxies: individual: Antlia ESO154-023 SBS1415+437 UGC 4483 UGC 9128 NGC 625 NGC 784 NGC 1569 NGC 2366 NGC 4068 NGC 4163 NGC 4214 NGC 4449 NGC 5253 NGC 6456 NGC 6789 NGC 6822 IC 4662, galaxies: starburst},
     year = 2010,
    month = sep,
   volume = 721,
    pages = {297-317},
      doi = {10.1088/0004-637X/721/1/297},
   adsurl = {http://adsabs.harvard.edu/abs/2010ApJ...721..297M},
  adsnote = {Provided by the SAO/NASA Astrophysics Data System}
}

@ARTICLE{Dolphin+2002,
   author = {{Dolphin}, A.~E.},
    title = "{Numerical methods of star formation history measurement and applications to seven dwarf spheroidals}",
  journal = {\mnras},
   eprint = {astro-ph/0112331},
 keywords = {methods: numerical, methods: statistical, Local Group, galaxies: stellar content},
     year = 2002,
    month = may,
   volume = 332,
    pages = {91-108},
      doi = {10.1046/j.1365-8711.2002.05271.x},
   adsurl = {http://adsabs.harvard.edu/abs/2002MNRAS.332...91D},
  adsnote = {Provided by the SAO/NASA Astrophysics Data System}
}

@ARTICLE{Schlafly+2011,
   author = {{Schlafly}, E.~F. and {Finkbeiner}, D.~P.},
    title = "{Measuring Reddening with Sloan Digital Sky Survey Stellar Spectra and Recalibrating SFD}",
  journal = {\apj},
archivePrefix = "arXiv",
   eprint = {1012.4804},
 primaryClass = "astro-ph.GA",
 keywords = {dust, extinction, Galaxy: stellar content, ISM: clouds},
     year = 2011,
    month = aug,
   volume = 737,
      eid = {103},
    pages = {103},
      doi = {10.1088/0004-637X/737/2/103},
   adsurl = {http://adsabs.harvard.edu/abs/2011ApJ...737..103S},
  adsnote = {Provided by the SAO/NASA Astrophysics Data System}
}

@ARTICLE{Schlegel+1998,
   author = {{Schlegel}, D.~J. and {Finkbeiner}, D.~P. and {Davis}, M.},
    title = "{Maps of Dust Infrared Emission for Use in Estimation of Reddening and Cosmic Microwave Background Radiation Foregrounds}",
  journal = {\apj},
   eprint = {astro-ph/9710327},
 keywords = {COSMOLOGY: DIFFUSE RADIATION, COSMOLOGY: COSMIC MICROWAVE BACKGROUND, ISM: DUST, EXTINCTION, INTERPLANETARY MEDIUM, INFRARED: ISM: CONTINUUM, Cosmology: Cosmic Microwave Background, Cosmology: Diffuse Radiation, ISM: Dust, Extinction, Infrared: ISM: Continuum, Interplanetary Medium},
     year = 1998,
    month = jun,
   volume = 500,
    pages = {525-553},
      doi = {10.1086/305772},
   adsurl = {http://adsabs.harvard.edu/abs/1998ApJ...500..525S},
  adsnote = {Provided by the SAO/NASA Astrophysics Data System}
}

@ARTICLE{Fitzpatrick+1999,
   author = {{Fitzpatrick}, E.~L.},
    title = "{Correcting for the Effects of Interstellar Extinction}",
  journal = {\pasp},
   eprint = {astro-ph/9809387},
 keywords = {ISM: DUST, EXTINCTION},
     year = 1999,
    month = jan,
   volume = 111,
    pages = {63-75},
      doi = {10.1086/316293},
   adsurl = {http://adsabs.harvard.edu/abs/1999PASP..111...63F},
  adsnote = {Provided by the SAO/NASA Astrophysics Data System}
}

@ARTICLE{Skillman+2003,
   author = {{Skillman}, E.~D. and {Tolstoy}, E. and {Cole}, A.~A. and {Dolphin}, A.~E. and 
	{Saha}, A. and {Gallagher}, J.~S. and {Dohm-Palmer}, R.~C. and 
	{Mateo}, M.},
    title = "{Deep Hubble Space Telescope Imaging of IC 1613. II. The Star Formation History}",
  journal = {\apj},
   eprint = {astro-ph/0306457},
 keywords = {Galaxies: Dwarf, Galaxies: Individual: Alphanumeric: IC 1613, Galaxies: Irregular, Galaxies: Stellar Content, Galaxies: Local Group},
     year = 2003,
    month = oct,
   volume = 596,
    pages = {253-272},
      doi = {10.1086/377635},
   adsurl = {http://adsabs.harvard.edu/abs/2003ApJ...596..253S},
  adsnote = {Provided by the SAO/NASA Astrophysics Data System}
}

@ARTICLE{Dolphin+2003,
   author = {{Dolphin}, A.~E. and {Saha}, A. and {Skillman}, E.~D. and {Dohm-Palmer}, R.~C. and 
	{Tolstoy}, E. and {Cole}, A.~A. and {Gallagher}, J.~S. and {Hoessel}, J.~G. and 
	{Mateo}, M.},
    title = "{Deep Hubble Space Telescope Imaging of Sextans A. III. The Star Formation History}",
  journal = {\aj},
   eprint = {astro-ph/0304098},
 keywords = {Galaxies: Individual: Name: Sextans A, Galaxies: Stellar Content, Galaxies: Local Group},
     year = 2003,
    month = jul,
   volume = 126,
    pages = {187-196},
      doi = {10.1086/375761},
   adsurl = {http://adsabs.harvard.edu/abs/2003AJ....126..187D},
  adsnote = {Provided by the SAO/NASA Astrophysics Data System}
}

@ARTICLE{Dotter+2016,
   author = {{Dotter}, A.},
    title = "{MESA Isochrones and Stellar Tracks (MIST) 0: Methods for the Construction of Stellar Isochrones}",
  journal = {\apjs},
archivePrefix = "arXiv",
   eprint = {1601.05144},
 primaryClass = "astro-ph.SR",
 keywords = {methods: numerical, stars: evolution},
     year = 2016,
    month = jan,
   volume = 222,
      eid = {8},
    pages = {8},
      doi = {10.3847/0067-0049/222/1/8},
   adsurl = {http://adsabs.harvard.edu/abs/2016ApJS..222....8D},
  adsnote = {Provided by the SAO/NASA Astrophysics Data System}
}
@ARTICLE{Choi+2016,
   author = {{Choi}, J. and {Dotter}, A. and {Conroy}, C. and {Cantiello}, M. and 
	{Paxton}, B. and {Johnson}, B.~D.},
    title = "{Mesa Isochrones and Stellar Tracks (MIST). I. Solar-scaled Models}",
  journal = {\apj},
archivePrefix = "arXiv",
   eprint = {1604.08592},
 primaryClass = "astro-ph.SR",
 keywords = {stars: evolution, stars: general, stars: interiors },
     year = 2016,
    month = jun,
   volume = 823,
      eid = {102},
    pages = {102},
      doi = {10.3847/0004-637X/823/2/102},
   adsurl = {http://adsabs.harvard.edu/abs/2016ApJ...823..102C},
  adsnote = {Provided by the SAO/NASA Astrophysics Data System}
}

@ARTICLE{Conroy+2010,
   author = {{Conroy}, C. and {Gunn}, J.~E.},
    title = "{The Propagation of Uncertainties in Stellar Population Synthesis Modeling. III. Model Calibration, Comparison, and Evaluation}",
  journal = {\apj},
archivePrefix = "arXiv",
   eprint = {0911.3151},
 keywords = {galaxies: evolution, galaxies: stellar content, stars: evolution},
     year = 2010,
    month = apr,
   volume = 712,
    pages = {833-857},
      doi = {10.1088/0004-637X/712/2/833},
   adsurl = {http://adsabs.harvard.edu/abs/2010ApJ...712..833C},
  adsnote = {Provided by the SAO/NASA Astrophysics Data System}
}

@MISC{cloudyFSPSv1,
  author       = {{Byler}, N.},
  title        = {cloudyFSPS},
  version      = {1.0.0},
  publisher    = {Zenodo},
  month        = jan,
  year         = 2018,
  doi          = {10.5281/zenodo.1156412},
  url          = {https://doi.org/10.5281/zenodo.1156412}
}

@MISC{pythonFSPSdfm,
  author       = {{Foreman-Mackey}, D., and {Sick}, J., and {Johnson}, B.~D.},
  title        = {python-fsps: Python bindings to FSPS},
  version      = {0.1.1},
  publisher    = {Zenodo},
  month        = oct,
  year         = 2014,
  doi          = {10.5281/zenodo.12157},
  url          = {https://doi.org/10.5281/zenodo.12157}
}

@ARTICLE{Paxton+2015,
   author = {{Paxton}, B. and {Marchant}, P. and {Schwab}, J. and {Bauer}, E.~B. and 
	{Bildsten}, L. and {Cantiello}, M. and {Dessart}, L. and {Farmer}, R. and 
	{Hu}, H. and {Langer}, N. and {Townsend}, R.~H.~D. and {Townsley}, D.~M. and 
	{Timmes}, F.~X.},
    title = "{Modules for Experiments in Stellar Astrophysics (MESA): Binaries, Pulsations, and Explosions}",
  journal = {\apjs},
archivePrefix = "arXiv",
   eprint = {1506.03146},
 primaryClass = "astro-ph.SR",
 keywords = {binaries: general, methods: numerical, nuclear reactions, nucleosynthesis, abundances, shock waves, stars: evolution, stars: oscillations},
     year = 2015,
    month = sep,
   volume = 220,
      eid = {15},
    pages = {15},
      doi = {10.1088/0067-0049/220/1/15},
   adsurl = {http://adsabs.harvard.edu/abs/2015ApJS..220...15P},
  adsnote = {Provided by the SAO/NASA Astrophysics Data System}
}

@ARTICLE{Paxton+2013,
   author = {{Paxton}, B. and {Cantiello}, M. and {Arras}, P. and {Bildsten}, L. and 
	{Brown}, E.~F. and {Dotter}, A. and {Mankovich}, C. and {Montgomery}, M.~H. and 
	{Stello}, D. and {Timmes}, F.~X. and {Townsend}, R.},
    title = "{Modules for Experiments in Stellar Astrophysics (MESA): Planets, Oscillations, Rotation, and Massive Stars}",
  journal = {\apjs},
archivePrefix = "arXiv",
   eprint = {1301.0319},
 primaryClass = "astro-ph.SR",
 keywords = {asteroseismology, methods: numerical, planets and satellites: physical evolution, stars: evolution, stars: massive, stars: rotation},
     year = 2013,
    month = sep,
   volume = 208,
      eid = {4},
    pages = {4},
      doi = {10.1088/0067-0049/208/1/4},
   adsurl = {http://adsabs.harvard.edu/abs/2013ApJS..208....4P},
  adsnote = {Provided by the SAO/NASA Astrophysics Data System}
}

@ARTICLE{Paxton+2011,
   author = {{Paxton}, B. and {Bildsten}, L. and {Dotter}, A. and {Herwig}, F. and 
	{Lesaffre}, P. and {Timmes}, F.},
    title = "{Modules for Experiments in Stellar Astrophysics (MESA)}",
  journal = {\apjs},
archivePrefix = "arXiv",
   eprint = {1009.1622},
 primaryClass = "astro-ph.SR",
 keywords = {methods: numerical, stars: evolution, stars: general},
     year = 2011,
    month = jan,
   volume = 192,
      eid = {3},
    pages = {3},
      doi = {10.1088/0067-0049/192/1/3},
   adsurl = {http://adsabs.harvard.edu/abs/2011ApJS..192....3P},
  adsnote = {Provided by the SAO/NASA Astrophysics Data System}
}

@ARTICLE{Kurucz+2005,
   author = {{Kurucz}, R.~L.},
    title = "{ATLAS12, SYNTHE, ATLAS9, WIDTH9, et cetera}",
  journal = {Memorie della Societa Astronomica Italiana Supplementi},
 keywords = {Stars: atmospheres, Stars: abundances, Atmospheric effects, Atomic data, Molecular data, Techniques: spectroscopic},
     year = 2005,
   volume = 8,
    pages = {14},
   adsurl = {http://adsabs.harvard.edu/abs/2005MSAIS...8...14K},
  adsnote = {Provided by the SAO/NASA Astrophysics Data System}
}

@ARTICLE{Eldridge+2017,
   author = {{Eldridge}, J.~J. and {Stanway}, E.~R. and {Xiao}, L. and {McClelland}, L.~A.~S. and 
	{Taylor}, G. and {Ng}, M. and {Greis}, S.~M.~L. and {Bray}, J.~C.
	},
    title = "{Binary Population and Spectral Synthesis Version 2.1: Construction, Observational Verification, and New Results}",
  journal = {\pasa},
archivePrefix = "arXiv",
   eprint = {1710.02154},
 primaryClass = "astro-ph.SR",
 keywords = {binaries: general, galaxies: evolution, galaxies: stellar content, methods: numerical, stars: evolution, stars: statistics},
     year = 2017,
    month = nov,
   volume = 34,
      eid = {e058},
    pages = {e058},
      doi = {10.1017/pasa.2017.51},
   adsurl = {http://adsabs.harvard.edu/abs/2017PASA...34...58E},
  adsnote = {Provided by the SAO/NASA Astrophysics Data System}
}

@ARTICLE{Smith+2002,
   author = {{Smith}, L.~J. and {Norris}, R.~P.~F. and {Crowther}, P.~A.},
    title = "{Realistic ionizing fluxes for young stellar populations from 0.05 to 2 Z$_{solar}$}",
  journal = {\mnras},
   eprint = {astro-ph/0207554},
 keywords = {stars: atmospheres, stars: mass-loss, stars: Wolf-Rayet, HII regions, galaxies: starburst, galaxies: stellar content},
     year = 2002,
    month = dec,
   volume = 337,
    pages = {1309-1328},
      doi = {10.1046/j.1365-8711.2002.06042.x},
   adsurl = {http://adsabs.harvard.edu/abs/2002MNRAS.337.1309S},
  adsnote = {Provided by the SAO/NASA Astrophysics Data System}
}

@ARTICLE{Pauldrach+2001,
   author = {{Pauldrach}, A.~W.~A. and {Hoffmann}, T.~L. and {Lennon}, M.
	},
    title = "{Radiation-driven winds of hot luminous stars. XIII. A description of NLTE line blocking and blanketing towards realistic models for expanding atmospheres}",
  journal = {\aap},
 keywords = {LINE: FORMATION, STARS: ATMOSPHERES, STARS: EARLY TYPE, STARS: MASS-LOSS, STARS: INDIVIDUAL: ALPHA CAM, X-RAYS: STARS},
     year = 2001,
    month = aug,
   volume = 375,
    pages = {161-195},
      doi = {10.1051/0004-6361:20010805},
   adsurl = {http://adsabs.harvard.edu/abs/2001A%26A...375..161P},
  adsnote = {Provided by the SAO/NASA Astrophysics Data System}
}

@INPROCEEDINGS{Hillier+2001,
   author = {{Hillier}, D.~J. and {Lanz}, T.},
    title = "{CMFGEN: A non-LTE Line-Blanketed Radiative Transfer Code for Modeling Hot Stars with Stellar Winds}",
booktitle = {Spectroscopic Challenges of Photoionized Plasmas},
     year = 2001,
   series = {Astronomical Society of the Pacific Conference Series},
   volume = 247,
   editor = {{Ferland}, G. and {Savin}, D.~W.},
    pages = {343},
   adsurl = {http://adsabs.harvard.edu/abs/2001ASPC..247..343H},
  adsnote = {Provided by the SAO/NASA Astrophysics Data System}
}

@ARTICLE{Byler+2017,
   author = {{Byler}, N. and {Dalcanton}, J.~J. and {Conroy}, C. and {Johnson}, B.~D.
	},
    title = "{Nebular Continuum and Line Emission in Stellar Population Synthesis Models}",
  journal = {\apj},
archivePrefix = "arXiv",
   eprint = {1611.08305},
 keywords = {galaxies: abundances, galaxies: ISM, galaxies: star formation},
     year = 2017,
    month = may,
   volume = 840,
      eid = {44},
    pages = {44},
      doi = {10.3847/1538-4357/aa6c66},
   adsurl = {http://adsabs.harvard.edu/abs/2017ApJ...840...44B},
  adsnote = {Provided by the SAO/NASA Astrophysics Data System}
}

@ARTICLE{Dolphin+2000,
   author = {{Dolphin}, A.~E.},
    title = "{WFPC2 Stellar Photometry with HSTPHOT}",
  journal = {\pasp},
   eprint = {astro-ph/0006217},
 keywords = {Techniques: Photometric},
     year = 2000,
    month = oct,
   volume = 112,
    pages = {1383-1396},
      doi = {10.1086/316630},
   adsurl = {http://adsabs.harvard.edu/abs/2000PASP..112.1383D},
  adsnote = {Provided by the SAO/NASA Astrophysics Data System}
}

@ARTICLE{Chabrier+2003,
   author = {{Chabrier}, G.},
    title = "{Galactic Stellar and Substellar Initial Mass Function}",
  journal = {\pasp},
   eprint = {astro-ph/0304382},
 keywords = {Galaxies: Luminosity Function, Mass Function, Invited Reviews},
     year = 2003,
    month = jul,
   volume = 115,
    pages = {763-795},
      doi = {10.1086/376392},
   adsurl = {http://adsabs.harvard.edu/abs/2003PASP..115..763C},
  adsnote = {Provided by the SAO/NASA Astrophysics Data System}
}

@ARTICLE{Yan+2016,
   author = {{Yan}, R. and {Bundy}, K. and {Law}, D.~R. and {Bershady}, M.~A. and 
	{Andrews}, B. and {Cherinka}, B. and {Diamond-Stanic}, A.~M. and 
	{Drory}, N. and {MacDonald}, N. and {S{\'a}nchez-Gallego}, J.~R. and 
	{Thomas}, D. and {Wake}, D.~A. and {Weijmans}, A.-M. and {Westfall}, K.~B. and 
	{Zhang}, K. and {Arag{\'o}n-Salamanca}, A. and {Belfiore}, F. and 
	{Bizyaev}, D. and {Blanc}, G.~A. and {Blanton}, M.~R. and {Brownstein}, J. and 
	{Cappellari}, M. and {D'Souza}, R. and {Emsellem}, E. and {Fu}, H. and 
	{Gaulme}, P. and {Graham}, M.~T. and {Goddard}, D. and {Gunn}, J.~E. and 
	{Harding}, P. and {Jones}, A. and {Kinemuchi}, K. and {Li}, C. and 
	{Li}, H. and {Maiolino}, R. and {Mao}, S. and {Maraston}, C. and 
	{Masters}, K. and {Merrifield}, M.~R. and {Oravetz}, D. and 
	{Pan}, K. and {Parejko}, J.~K. and {Sanchez}, S.~F. and {Schlegel}, D. and 
	{Simmons}, A. and {Thanjavur}, K. and {Tinker}, J. and {Tremonti}, C. and 
	{van den Bosch}, R. and {Zheng}, Z.},
    title = "{SDSS-IV MaNGA IFS Galaxy Survey{\mdash}Survey Design, Execution, and Initial Data Quality}",
  journal = {\aj},
archivePrefix = "arXiv",
   eprint = {1607.08613},
 keywords = {galaxies: evolution, galaxies: general, surveys, techniques: imaging spectroscopy},
     year = 2016,
    month = dec,
   volume = 152,
      eid = {197},
    pages = {197},
      doi = {10.3847/0004-6256/152/6/197},
   adsurl = {http://adsabs.harvard.edu/abs/2016AJ....152..197Y},
  adsnote = {Provided by the SAO/NASA Astrophysics Data System}
}

@ARTICLE{McConnachie+2012,
   author = {{McConnachie}, A.~W.},
    title = "{The Observed Properties of Dwarf Galaxies in and around the Local Group}",
  journal = {\aj},
archivePrefix = "arXiv",
   eprint = {1204.1562},
 keywords = {catalogs, galaxies: dwarf, galaxies: fundamental parameters, galaxies: general, galaxies: structure, Local Group},
     year = 2012,
    month = jul,
   volume = 144,
      eid = {4},
    pages = {4},
      doi = {10.1088/0004-6256/144/1/4},
   adsurl = {http://adsabs.harvard.edu/abs/2012AJ....144....4M},
  adsnote = {Provided by the SAO/NASA Astrophysics Data System}
}

@ARTICLE{Law+2015,
   author = {{Law}, D.~R. and {Yan}, R. and {Bershady}, M.~A. and {Bundy}, K. and 
	{Cherinka}, B. and {Drory}, N. and {MacDonald}, N. and {S{\'a}nchez-Gallego}, J.~R. and 
	{Wake}, D.~A. and {Weijmans}, A.-M. and {Blanton}, M.~R. and 
	{Klaene}, M.~A. and {Moran}, S.~M. and {Sanchez}, S.~F. and 
	{Zhang}, K.},
    title = "{Observing Strategy for the SDSS-IV/MaNGA IFU Galaxy Survey}",
  journal = {\aj},
archivePrefix = "arXiv",
   eprint = {1505.04285},
 primaryClass = "astro-ph.IM",
 keywords = {atmospheric effects, methods: observational, surveys, techniques: imaging spectroscopy},
     year = 2015,
    month = jul,
   volume = 150,
      eid = {19},
    pages = {19},
      doi = {10.1088/0004-6256/150/1/19},
   adsurl = {http://adsabs.harvard.edu/abs/2015AJ....150...19L},
  adsnote = {Provided by the SAO/NASA Astrophysics Data System}
}

@ARTICLE{Blanton+2017,
   author = {{Blanton}, M.~R. and {Bershady}, M.~A. and {Abolfathi}, B. and 
	{Albareti}, F.~D. and {Allende Prieto}, C. and {Almeida}, A. and 
	{Alonso-Garc{\'{\i}}a}, J. and {Anders}, F. and {Anderson}, S.~F. and 
	{Andrews}, B. and et al.},
    title = "{Sloan Digital Sky Survey IV: Mapping the Milky Way, Nearby Galaxies, and the Distant Universe}",
  journal = {\aj},
archivePrefix = "arXiv",
   eprint = {1703.00052},
 keywords = {cosmology: observations, galaxies: general, Galaxy: general, instrumentation: spectrographs, stars: general, surveys},
     year = 2017,
    month = jul,
   volume = 154,
      eid = {28},
    pages = {28},
      doi = {10.3847/1538-3881/aa7567},
   adsurl = {http://adsabs.harvard.edu/abs/2017AJ....154...28B},
  adsnote = {Provided by the SAO/NASA Astrophysics Data System}
}

@ARTICLE{Smee+2013,
   author = {{Smee}, S.~A. and {Gunn}, J.~E. and {Uomoto}, A. and {Roe}, N. and 
	{Schlegel}, D. and {Rockosi}, C.~M. and {Carr}, M.~A. and {Leger}, F. and 
	{Dawson}, K.~S. and {Olmstead}, M.~D. and {Brinkmann}, J. and 
	{Owen}, R. and {Barkhouser}, R.~H. and {Honscheid}, K. and {Harding}, P. and 
	{Long}, D. and {Lupton}, R.~H. and {Loomis}, C. and {Anderson}, L. and 
	{Annis}, J. and {Bernardi}, M. and {Bhardwaj}, V. and {Bizyaev}, D. and 
	{Bolton}, A.~S. and {Brewington}, H. and {Briggs}, J.~W. and 
	{Burles}, S. and {Burns}, J.~G. and {Castander}, F.~J. and {Connolly}, A. and 
	{Davenport}, J.~R.~A. and {Ebelke}, G. and {Epps}, H. and {Feldman}, P.~D. and 
	{Friedman}, S.~D. and {Frieman}, J. and {Heckman}, T. and {Hull}, C.~L. and 
	{Knapp}, G.~R. and {Lawrence}, D.~M. and {Loveday}, J. and {Mannery}, E.~J. and 
	{Malanushenko}, E. and {Malanushenko}, V. and {Merrelli}, A.~J. and 
	{Muna}, D. and {Newman}, P.~R. and {Nichol}, R.~C. and {Oravetz}, D. and 
	{Pan}, K. and {Pope}, A.~C. and {Ricketts}, P.~G. and {Shelden}, A. and 
	{Sandford}, D. and {Siegmund}, W. and {Simmons}, A. and {Smith}, D.~S. and 
	{Snedden}, S. and {Schneider}, D.~P. and {SubbaRao}, M. and 
	{Tremonti}, C. and {Waddell}, P. and {York}, D.~G.},
    title = "{The Multi-object, Fiber-fed Spectrographs for the Sloan Digital Sky Survey and the Baryon Oscillation Spectroscopic Survey}",
  journal = {\aj},
archivePrefix = "arXiv",
   eprint = {1208.2233},
 primaryClass = "astro-ph.IM",
 keywords = {cosmology: observations, instrumentation: spectrographs, surveys },
     year = 2013,
    month = aug,
   volume = 146,
      eid = {32},
    pages = {32},
      doi = {10.1088/0004-6256/146/2/32},
   adsurl = {http://adsabs.harvard.edu/abs/2013AJ....146...32S},
  adsnote = {Provided by the SAO/NASA Astrophysics Data System}
}

@ARTICLE{Goddard+2017,
   author = {{Goddard}, D. and {Thomas}, D. and {Maraston}, C. and {Westfall}, K. and 
	{Etherington}, J. and {Riffel}, R. and {Mallmann}, N.~D. and 
	{Zheng}, Z. and {Argudo-Fern{\'a}ndez}, M. and {Lian}, J. and 
	{Bershady}, M. and {Bundy}, K. and {Drory}, N. and {Law}, D. and 
	{Yan}, R. and {Wake}, D. and {Weijmans}, A. and {Bizyaev}, D. and 
	{Brownstein}, J. and {Lane}, R.~R. and {Maiolino}, R. and {Masters}, K. and 
	{Merrifield}, M. and {Nitschelm}, C. and {Pan}, K. and {Roman-Lopes}, A. and 
	{Storchi-Bergmann}, T. and {Schneider}, D.~P.},
    title = "{SDSS-IV MaNGA: Spatially resolved star formation histories in galaxies as a function of galaxy mass and type}",
  journal = {\mnras},
archivePrefix = "arXiv",
   eprint = {1612.01546},
 keywords = {galaxies: formation, galaxies: evolution, galaxies: elliptical and lenticular, cD, galaxies: spiral, galaxies: stellar content, galaxies: star formation},
     year = 2017,
    month = apr,
   volume = 466,
    pages = {4731-4758},
      doi = {10.1093/mnras/stw3371},
   adsurl = {http://adsabs.harvard.edu/abs/2017MNRAS.466.4731G},
  adsnote = {Provided by the SAO/NASA Astrophysics Data System}
}

@ARTICLE{Albareti+2017,
   author = {{Albareti}, F.~D. and {Allende Prieto}, C. and {Almeida}, A. and 
	{Anders}, F. and {Anderson}, S. and {Andrews}, B.~H. and {Arag{\'o}n-Salamanca}, A. and 
	{Argudo-Fern{\'a}ndez}, M. and {Armengaud}, E. and {Aubourg}, E. and et al.},
    title = "{The 13th Data Release of the Sloan Digital Sky Survey: First Spectroscopic Data from the SDSS-IV Survey Mapping Nearby Galaxies at Apache Point Observatory}",
  journal = {\apjs},
archivePrefix = "arXiv",
   eprint = {1608.02013},
 keywords = {atlases, catalogs, surveys },
     year = 2017,
    month = dec,
   volume = 233,
      eid = {25},
    pages = {25},
      doi = {10.3847/1538-4365/aa8992},
   adsurl = {http://adsabs.harvard.edu/abs/2017ApJS..233...25A},
  adsnote = {Provided by the SAO/NASA Astrophysics Data System}
}

@ARTICLE{Law+2016,
   author = {{Law}, D.~R. and {Cherinka}, B. and {Yan}, R. and {Andrews}, B.~H. and 
	{Bershady}, M.~A. and {Bizyaev}, D. and {Blanc}, G.~A. and {Blanton}, M.~R. and 
	{Bolton}, A.~S. and {Brownstein}, J.~R. and {Bundy}, K. and 
	{Chen}, Y. and {Drory}, N. and {D'Souza}, R. and {Fu}, H. and 
	{Jones}, A. and {Kauffmann}, G. and {MacDonald}, N. and {Masters}, K.~L. and 
	{Newman}, J.~A. and {Parejko}, J.~K. and {S{\'a}nchez-Gallego}, J.~R. and 
	{S{\'a}nchez}, S.~F. and {Schlegel}, D.~J. and {Thomas}, D. and 
	{Wake}, D.~A. and {Weijmans}, A.-M. and {Westfall}, K.~B. and 
	{Zhang}, K.},
    title = "{The Data Reduction Pipeline for the SDSS-IV MaNGA IFU Galaxy Survey}",
  journal = {\aj},
archivePrefix = "arXiv",
   eprint = {1607.08619},
 primaryClass = "astro-ph.IM",
 keywords = {methods: data analysis, surveys, techniques: imaging spectroscopy},
     year = 2016,
    month = oct,
   volume = 152,
      eid = {83},
    pages = {83},
      doi = {10.3847/0004-6256/152/4/83},
   adsurl = {http://adsabs.harvard.edu/abs/2016AJ....152...83L},
  adsnote = {Provided by the SAO/NASA Astrophysics Data System}
}

@ARTICLE{Ruiz-Lara+2015,
       author = {{Ruiz-Lara}, T. and {P{\'e}rez}, I. and {Gallart}, C. and {Alloin}, D.
        and {Monelli}, M. and {Koleva}, M. and {Pompei}, E. and
        {Beasley}, M. and {S{\'a}nchez-Bl{\'a}zquez}, P. and {Florido},
        E. and {Aparicio}, A. and {Fleurence}, E. and {Hardy}, E. and
        {Hidalgo}, S. and {Raimann}, D.},
        title = "{Recovering star formation histories: Integrated-light analyses vs.
        stellar colour-magnitude diagrams}",
      journal = {\aap},
     keywords = {galaxies: photometry, techniques: spectroscopic, methods: observational,
        Magellanic Clouds, galaxies: formation, galaxies: stellar
        content, Astrophysics - Astrophysics of Galaxies},
         year = 2015,
        month = Nov,
       volume = {583},
          eid = {A60},
        pages = {A60},
          doi = {10.1051/0004-6361/201526752},
       adsurl = {https://ui.adsabs.harvard.edu/#abs/2015A&A...583A..60R},
      adsnote = {Provided by the SAO/NASA Astrophysics Data System}
}

@ARTICLE{Ruiz-Lara+2018,
       author = {{Ruiz-Lara}, T. and {Gallart}, C. and {Beasley}, M. and {Monelli}, M.
        and {Bernard}, E.~J. and {Battaglia}, G. and {S{\'a}nchez-
        Bl{\'a}zquez}, P. and {Florido}, E. and {P{\'e}rez}, I. and
        {Mart{\'\i}n-Navarro}, I.},
        title = "{Integrated-light analyses vs. colour-magnitude diagrams - II. Leo A, an
        extremely young dwarf in the Local Group}",
      journal = {ArXiv e-prints},
     keywords = {Astrophysics - Astrophysics of Galaxies},
         year = 2018,
        month = May,
          eid = {arXiv:1805.04323},
        pages = {arXiv:1805.04323},
archivePrefix = {arXiv},
       eprint = {1805.04323},
       adsurl = {https://ui.adsabs.harvard.edu/#abs/2018arXiv180504323R},
      adsnote = {Provided by the SAO/NASA Astrophysics Data System}
}

@ARTICLE{Karachentsev+2004,
   author = {{Karachentsev}, I.~D. and {Karachentseva}, V.~E. and {Huchtmeier}, W.~K. and 
	{Makarov}, D.~I.},
    title = "{A Catalog of Neighboring Galaxies}",
  journal = {\aj},
 keywords = {Galaxies: Distances and Redshifts, Galaxies: Fundamental Parameters, Galaxies: Luminosity Function, Mass Function},
     year = 2004,
    month = apr,
   volume = 127,
    pages = {2031-2068},
      doi = {10.1086/382905},
   adsurl = {http://adsabs.harvard.edu/abs/2004AJ....127.2031K},
  adsnote = {Provided by the SAO/NASA Astrophysics Data System}
}

@BOOK{deVaucouleurs+1991,
   author = {{de Vaucouleurs}, G. and {de Vaucouleurs}, A. and {Corwin}, Jr., H.~G. and 
	{Buta}, R.~J. and {Paturel}, G. and {Fouqu{\'e}}, P.},
    title = "{Third Reference Catalogue of Bright Galaxies. Volume I: Explanations and references. Volume II: Data for galaxies between 0$^{h}$ and 12$^{h}$. Volume III: Data for galaxies between 12$^{h}$ and 24$^{h}$.}",
booktitle = {Third Reference Catalogue of Bright Galaxies.~Volume I: Explanations and references.~ Volume II: Data for galaxies between 0$^{h}$ and 12$^{h}$.~ Volume III: Data for galaxies between 12$^{h}$ and 24$^{h}$., by de Vaucouleurs, G.; de Vaucouleurs, A.; Corwin, H.~G., Jr.; Buta, R.~J.; Paturel, G.; Fouqu{\'e}, P..~Springer, New York, NY (USA), 1991, 2091 p., ISBN 0-387-97552-7, Price US$ 198.00. ISBN 3-540-97552-7, Price DM 448.00. ISBN 0-387-97549-7 (Vol. I), ISBN 0-387-97550-0 (Vol. II), ISBN 0-387-97551-9 (Vol. III).},
     year = 1991,
   adsurl = {http://adsabs.harvard.edu/abs/1991rc3..book.....D},
  adsnote = {Provided by the SAO/NASA Astrophysics Data System}
}

@ARTICLE{Leja+2017,
   author = {{Leja}, J. and {Johnson}, B.~D. and {Conroy}, C. and {van Dokkum}, P.~G. and 
	{Byler}, N.},
    title = "{Deriving Physical Properties from Broadband Photometry with Prospector: Description of the Model and a Demonstration of its Accuracy Using 129 Galaxies in the Local Universe}",
  journal = {\apj},
archivePrefix = "arXiv",
   eprint = {1609.09073},
 keywords = {galaxies: evolution, galaxies: fundamental parameters, galaxies: star formation},
     year = 2017,
    month = mar,
   volume = 837,
      eid = {170},
    pages = {170},
      doi = {10.3847/1538-4357/aa5ffe},
   adsurl = {http://adsabs.harvard.edu/abs/2017ApJ...837..170L},
  adsnote = {Provided by the SAO/NASA Astrophysics Data System}
}

@ARTICLE{Berg+2012,
       author = {{Berg}, Danielle A. and {Skillman}, Evan D. and {Marble}, Andrew R. and
        {van Zee}, Liese and {Engelbracht}, Charles W. and {Lee}, Janice
        C. and {Kennicutt}, Robert C., Jr. and {Calzetti}, Daniela and
        {Dale}, Daniel A. and {Johnson}, Benjamin D.},
        title = "{Direct Oxygen Abundances for Low-luminosity LVL Galaxies}",
      journal = {\apj},
     keywords = {galaxies: abundances, galaxies: dwarf, galaxies: evolution, Astrophysics
        - Cosmology and Nongalactic Astrophysics},
         year = 2012,
        month = Aug,
       volume = {754},
          eid = {98},
        pages = {98},
          doi = {10.1088/0004-637X/754/2/98},
archivePrefix = {arXiv},
       eprint = {1205.6782},
       adsurl = {https://ui.adsabs.harvard.edu/#abs/2012ApJ...754...98B},
      adsnote = {Provided by the SAO/NASA Astrophysics Data System}
}

@ARTICLE{Moustakas+2006,
       author = {{Moustakas}, John and {Kennicutt}, Robert C., Jr.},
        title = "{An Integrated Spectrophotometric Survey of Nearby Star-forming Galaxies}",
      journal = {The Astrophysical Journal Supplement Series},
     keywords = {Atlases, Galaxies: Fundamental Parameters, Galaxies: ISM, Galaxies:
        Starburst, Galaxies: Stellar Content, Techniques: Spectroscopic,
        Astrophysics},
         year = 2006,
        month = May,
       volume = {164},
        pages = {81-98},
          doi = {10.1086/500971},
       adsurl = {https://ui.adsabs.harvard.edu/#abs/2006ApJS..164...81M},
      adsnote = {Provided by the SAO/NASA Astrophysics Data System}
}

@ARTICLE{Lee+2011L,
       author = {{Lee}, Janice C. and {Gil de Paz}, Armando and {Kennicutt}, Robert C.,
        Jr. and {Bothwell}, Matthew and {Dalcanton}, Julianne and
        {Jos{\'e} G. Funes S.}, J. and {Johnson}, Benjamin D. and
        {Sakai}, Shoko and {Skillman}, Evan and {Tremonti}, Christy and
        {van Zee}, Liese},
        title = "{A GALEX Ultraviolet Imaging Survey of Galaxies in the Local Volume}",
      journal = {The Astrophysical Journal Supplement Series},
     keywords = {catalogs, galaxies: dwarf, galaxies: evolution, stars: formation,
        surveys, ultraviolet: galaxies, Astrophysics - Cosmology and
        Nongalactic Astrophysics},
         year = 2011,
        month = Jan,
       volume = {192},
          eid = {6},
        pages = {6},
          doi = {10.1088/0067-0049/192/1/6},
archivePrefix = {arXiv},
       eprint = {1009.4705},
       adsurl = {https://ui.adsabs.harvard.edu/#abs/2011ApJS..192....6L},
      adsnote = {Provided by the SAO/NASA Astrophysics Data System}
}

@ARTICLE{Kennicutt+2008,
       author = {{Kennicutt}, Robert C., Jr. and {Lee}, Janice C. and {Funes}, Jos{\'e}
        G. and {J.}, S. and {Sakai}, Shoko and {Akiyama}, Sanae},
        title = "{An H{\ensuremath{\alpha}} Imaging Survey of Galaxies in the Local 11 Mpc
        Volume}",
      journal = {The Astrophysical Journal Supplement Series},
     keywords = {catalogs, galaxies: evolution, galaxies: ISM, H II regions, stars:
        formation, Astrophysics},
         year = 2008,
        month = Oct,
       volume = {178},
        pages = {247-279},
          doi = {10.1086/590058},
archivePrefix = {arXiv},
       eprint = {0807.2035},
       adsurl = {https://ui.adsabs.harvard.edu/#abs/2008ApJS..178..247K},
      adsnote = {Provided by the SAO/NASA Astrophysics Data System}
}

@ARTICLE{Marble+2010,
       author = {{Marble}, A.~R. and {Engelbracht}, C.~W. and {van Zee}, L. and {Dale},
        D.~A. and {Smith}, J.~D.~T. and {Gordon}, K.~D. and {Wu}, Y. and
        {Lee}, J.~C. and {Kennicutt}, R.~C. and {Skillman}, E.~D. and
        {Johnson}, L.~C. and {Block}, M. and {Calzetti}, D. and {Cohen},
        S.~A. and {Lee}, H. and {Schuster}, M.~D.},
        title = "{An Aromatic Inventory of the Local Volume}",
      journal = {\apj},
     keywords = {galaxies: ISM, infrared: galaxies, surveys, techniques: photometric,
        Astrophysics - Cosmology and Nongalactic Astrophysics},
         year = 2010,
        month = May,
       volume = {715},
        pages = {506-540},
          doi = {10.1088/0004-637X/715/1/506},
archivePrefix = {arXiv},
       eprint = {1004.1441},
       adsurl = {https://ui.adsabs.harvard.edu/#abs/2010ApJ...715..506M},
      adsnote = {Provided by the SAO/NASA Astrophysics Data System}
}

@ARTICLE{Kennicutt+1998,
   author = {{Kennicutt}, Jr., R.~C.},
    title = "{Star Formation in Galaxies Along the Hubble Sequence}",
  journal = {\araa},
   eprint = {astro-ph/9807187},
     year = 1998,
   volume = 36,
    pages = {189-232},
      doi = {10.1146/annurev.astro.36.1.189},
   adsurl = {http://adsabs.harvard.edu/abs/1998ARA%26A..36..189K},
  adsnote = {Provided by the SAO/NASA Astrophysics Data System}
}

@ARTICLE{Brown+2014,
   author = {{Brown}, M.~J.~I. and {Moustakas}, J. and {Smith}, J.-D.~T. and 
	{da Cunha}, E. and {Jarrett}, T.~H. and {Imanishi}, M. and {Armus}, L. and 
	{Brandl}, B.~R. and {Peek}, J.~E.~G.},
    title = "{An Atlas of Galaxy Spectral Energy Distributions from the Ultraviolet to the Mid-infrared}",
  journal = {\apjs},
archivePrefix = "arXiv",
   eprint = {1312.3029},
 keywords = {atlases, galaxies: general, galaxies: photometry, techniques: spectroscopic},
     year = 2014,
    month = jun,
   volume = 212,
      eid = {18},
    pages = {18},
      doi = {10.1088/0067-0049/212/2/18},
   adsurl = {http://adsabs.harvard.edu/abs/2014ApJS..212...18B},
  adsnote = {Provided by the SAO/NASA Astrophysics Data System}
}

@ARTICLE{Ocvirk+2006,
   author = {{Ocvirk}, P. and {Pichon}, C. and {Lan{\c c}on}, A. and {Thi{\'e}baut}, E.
	},
    title = "{STECMAP: STEllar Content from high-resolution galactic spectra via Maximum A Posteriori}",
  journal = {\mnras},
   eprint = {astro-ph/0505209},
 keywords = {methods: data analysis, methods: statistical, techniques: spectroscopic, galaxies: abundances, galaxies: evolution, galaxies: stellar content},
     year = 2006,
    month = jan,
   volume = 365,
    pages = {46-73},
      doi = {10.1111/j.1365-2966.2005.09182.x},
   adsurl = {http://adsabs.harvard.edu/abs/2006MNRAS.365...46O},
  adsnote = {Provided by the SAO/NASA Astrophysics Data System}
}

@ARTICLE{Gibson+1999,
   author = {{Gibson}, B.~K. and {Madgwick}, D.~S. and {Jones}, L.~A. and 
	{Da Costa}, G.~S. and {Norris}, J.~E.},
    title = "{The Spectroscopic Age of 47 Tucanae}",
  journal = {\aj},
   eprint = {astro-ph/9906095},
 keywords = {GALAXIES: ABUNDANCES, GALAXIES: ELLIPTICAL AND LENTICULAR, CD, GLOBULAR CLUSTERS: INDIVIDUAL (47 TUCANAE), STARS: ABUNDANCES},
     year = 1999,
    month = sep,
   volume = 118,
    pages = {1268-1272},
      doi = {10.1086/301013},
   adsurl = {http://adsabs.harvard.edu/abs/1999AJ....118.1268G},
  adsnote = {Provided by the SAO/NASA Astrophysics Data System}
}

@ARTICLE{Beasley+2002,
   author = {{Beasley}, M.~A. and {Hoyle}, F. and {Sharples}, R.~M.},
    title = "{Testing stellar population models with star clusters in the Large Magellanic Cloud}",
  journal = {\mnras},
   eprint = {astro-ph/0206092},
 keywords = {stars: horizontal branch, Magellanic Clouds, galaxies: star clusters},
     year = 2002,
    month = oct,
   volume = 336,
    pages = {168-188},
      doi = {10.1046/j.1365-8711.2002.05714.x},
   adsurl = {http://adsabs.harvard.edu/abs/2002MNRAS.336..168B},
  adsnote = {Provided by the SAO/NASA Astrophysics Data System}
}

@ARTICLE{Asad+2017,
   author = {{Asa'd}, R.~S. and {Vazdekis}, A. and {Cervi{\~n}o}, M. and 
	{No{\"e}l}, N.~E.~D. and {Beasley}, M.~A. and {Kassab}, M.},
    title = "{Young LMC clusters: the role of red supergiants and multiple stellar populations in their integrated light and CMDs}",
  journal = {\mnras},
archivePrefix = "arXiv",
   eprint = {1708.00369},
 keywords = {stars: massive, galaxies: star clusters: general},
     year = 2017,
    month = nov,
   volume = 471,
    pages = {3599-3614},
      doi = {10.1093/mnras/stx1824},
   adsurl = {http://adsabs.harvard.edu/abs/2017MNRAS.471.3599A},
  adsnote = {Provided by the SAO/NASA Astrophysics Data System}
}

@ARTICLE{Usher+2017,
   author = {{Usher}, C. and {Pastorello}, N. and {Bellstedt}, S. and {Alabi}, A. and 
	{Cerulo}, P. and {Chevalier}, L. and {Fraser-McKelvie}, A. and 
	{Penny}, S. and {Foster}, C. and {McDermid}, R.~M. and {Schiavon}, R.~P. and 
	{Villaume}, A.},
    title = "{The WAGGS project - I. The WiFeS Atlas of Galactic Globular cluster Spectra}",
  journal = {\mnras},
archivePrefix = "arXiv",
   eprint = {1703.07397},
 keywords = {globular clusters: general, galaxies: abundances, Local Group, galaxies: stellar content},
     year = 2017,
    month = jul,
   volume = 468,
    pages = {3828-3849},
      doi = {10.1093/mnras/stx713},
   adsurl = {http://adsabs.harvard.edu/abs/2017MNRAS.468.3828U},
  adsnote = {Provided by the SAO/NASA Astrophysics Data System}
}

@ARTICLE{Kuncarayakti+2016,
   author = {{Kuncarayakti}, H. and {Galbany}, L. and {Anderson}, J.~P. and 
	{Kr{\"u}hler}, T. and {Hamuy}, M.},
    title = "{Unresolved versus resolved: testing the validity of young simple stellar population models with VLT/MUSE observations of NGC 3603}",
  journal = {\aap},
archivePrefix = "arXiv",
   eprint = {1607.03446},
 keywords = {galaxies: stellar content, galaxies: star clusters: general, open clusters and associations: individual: NGC 3603, galaxies: starburst},
     year = 2016,
    month = sep,
   volume = 593,
      eid = {A78},
    pages = {A78},
      doi = {10.1051/0004-6361/201628813},
   adsurl = {http://adsabs.harvard.edu/abs/2016A%26A...593A..78K},
  adsnote = {Provided by the SAO/NASA Astrophysics Data System}
}

@ARTICLE{Delgado+2010,
   author = {{Gonz{\'a}lez Delgado}, R.~M. and {Cid Fernandes}, R.},
    title = "{Testing spectral models for stellar populations with star clusters - II. Results}",
  journal = {\mnras},
archivePrefix = "arXiv",
   eprint = {0912.0413},
 keywords = {techniques: spectroscopic, Magellanic Clouds, galaxies: star clusters},
     year = 2010,
    month = apr,
   volume = 403,
    pages = {797-816},
      doi = {10.1111/j.1365-2966.2009.16152.x},
   adsurl = {http://adsabs.harvard.edu/abs/2010MNRAS.403..797G},
  adsnote = {Provided by the SAO/NASA Astrophysics Data System}
}

@ARTICLE{Barber+2014,
   author = {{Barber}, C. and {Courteau}, S. and {Roediger}, J.~C. and {Schiavon}, R.~P.
	},
    title = "{Validation of optimized population synthesis through mock spectra and Galactic globular clusters}",
  journal = {\mnras},
archivePrefix = "arXiv",
   eprint = {1403.1356},
 keywords = {methods: numerical, techniques: spectroscopic, catalogues, Hertzsprung-Russell and colour-magnitude diagrams, globular clusters: general, galaxies: stellar content},
     year = 2014,
    month = jun,
   volume = 440,
    pages = {2953-2968},
      doi = {10.1093/mnras/stu439},
   adsurl = {http://adsabs.harvard.edu/abs/2014MNRAS.440.2953B},
  adsnote = {Provided by the SAO/NASA Astrophysics Data System}
}

@ARTICLE{Thomas+2011,
   author = {{Thomas}, D. and {Johansson}, J. and {Maraston}, C.},
    title = "{Chemical abundance ratios of galactic globular clusters from modelling integrated light spectroscopy}",
  journal = {\mnras},
archivePrefix = "arXiv",
   eprint = {1010.4570},
 keywords = {stars: abundances, Galaxy: abundances, globular clusters: general, galaxies: formation, galaxies: stellar content},
     year = 2011,
    month = apr,
   volume = 412,
    pages = {2199-2210},
      doi = {10.1111/j.1365-2966.2010.18108.x},
   adsurl = {http://adsabs.harvard.edu/abs/2011MNRAS.412.2199T},
  adsnote = {Provided by the SAO/NASA Astrophysics Data System}
}

@ARTICLE{Ge+2018,
   author = {{Ge}, J. and {Yan}, R. and {Cappellari}, M. and {Mao}, S. and 
	{Li}, H. and {Lu}, Y.},
    title = "{Recovering stellar population parameters via two full-spectrum fitting algorithms in the absence of model uncertainties}",
  journal = {\mnras},
archivePrefix = "arXiv",
   eprint = {1805.03972},
 keywords = {galaxies: evolution, galaxies: fundamental parameters, galaxies: stellar content},
     year = 2018,
    month = aug,
   volume = 478,
    pages = {2633-2649},
      doi = {10.1093/mnras/sty1245},
   adsurl = {http://adsabs.harvard.edu/abs/2018MNRAS.478.2633G},
  adsnote = {Provided by the SAO/NASA Astrophysics Data System}
}

@ARTICLE{Li+2017,
   author = {{Li}, H. and {Ge}, J. and {Mao}, S. and {Cappellari}, M. and 
	{Long}, R.~J. and {Li}, R. and {Emsellem}, E. and {Dutton}, A.~A. and 
	{Li}, C. and {Bundy}, K. and {Thomas}, D. and {Drory}, N. and 
	{Lopes}, A.~R.},
    title = "{SDSS-IV MaNGA: Variation of the Stellar Initial Mass Function in Spiral and Early-type Galaxies}",
  journal = {\apj},
archivePrefix = "arXiv",
   eprint = {1703.04894},
 keywords = {dark matter, galaxies: evolution, galaxies: formation, galaxies: kinematics and dynamics, galaxies: structure },
     year = 2017,
    month = apr,
   volume = 838,
      eid = {77},
    pages = {77},
      doi = {10.3847/1538-4357/aa662a},
   adsurl = {http://adsabs.harvard.edu/abs/2017ApJ...838...77L},
  adsnote = {Provided by the SAO/NASA Astrophysics Data System}
}
